@misc{web:optaPlannerWeb,
	title = "What is OptaPlanner?",
	howpublished = "\url{https://www.optaplanner.org}",
	note = "[Online; accessed 3-January-2019]"
}

@misc{web:icronHeuristicOrLinear,
	author = "Z. Caner Taşkın",
	title = "Optimization vs. heuristics: Which is the right approach for your business?",
	howpublished = "\url{https://icrontech.com/blog_item/optimization-vs-heuristics-which-is-the-right-approach-for-your-business/}",
	note = "[Online; accessed 14-January-2019]"
}

@misc{web:googleOrTools,
	title = "About OR-Tools",
	author = "Google",
	howpublished = "\url{https://developers.google.com/optimization/}",
	note = "[Online; accessed 16-January-2019]"
}

@misc{web:gnuGlpk,
	author = "Andrew Makhorin",
	title = "GLPK (GNU Linear Programming Kit)",
	howpublished = "\url{https://www.gnu.org/software/glpk/}",
	note = "[Online; accessed 16-January-2019]"
}

@book{papanikolaou2018holistic,
	title = "{A Holistic Approach to Ship Design: Volume 1: Optimisation of Ship Design and Operation for Life Cycle}",
	author = "{Papanikolaou, A.}",
	isbn = "{9783030028107}",
	url = "{https://books.google.cz/books?id=xYJ-DwAAQBAJ}",
	year = "{2018}",
	publisher = "{Springer International Publishing}",
	note = "296-301"
}

@misc{web:ngixLoadBalancing,
	author = "Nginx",
	title = "What Is Load Balancing?",
	howpublished = "\url{https://www.nginx.com/resources/glossary/load-balancing/}",
	note = "[Online; accessed 16-January-2019]"
}

@article{web:loadBalancingInGridComputing,
	author = "Ramesh Prajapati, Dushyantsinh Rathod, Dr. Samrat Khanna",
	title = "COMPARISON OF STATIC AND DYNAMIC LOAD BALANCING IN GRID COMPUTING",
	journal = "International Journal For Technological Research In Engineering",
	howpublished = "\url{https://pdfs.semanticscholar.org/8d32/1dff55fe606a2baef419da5ca776d17daf98.pdf}",
	year = "2015",
}

@misc{web:ibmLoadBalancingDecisions,
	author = "IBM",
	title = "Algorithms for making load-balancing decisions",
	howpublished = "\url{https://www.ibm.com/support/knowledgecenter/SS9H2Y_7.7.0/com.ibm.dp.doc/lbg_algorithms.html}",
	note = "[Online; accessed 29-January-2019]"
}

@article{web:staticAndDynamicLoadBalancing,
	author = "Payal Beniwal, Atul Garg",
	title = "A comparative study of static and dynamic Load Balancing Algorithms",
	journal = "International Journal of Advance Research in Computer Science and Management Studies",
	howpublished = "\url{http://www.ijarcsms.com/docs/paper/volume2/issue12/V2I12-0106.pdf}",
	note = "[Online; accessed 29-January-2019]"
}

@article{malik2000dynamic,
	title = "{Dynamic load balancing in a network of workstations}",
	author = "{Malik, Shahzad}",
	journal = "{95.515 F Research Report}",
	year = "{2000}"
}

@article{sharma2008performance,
	title = {Performance analysis of load balancing algorithms},
	author = {Sharma, Sandeep and Singh, Sarabjit and Sharma, Meenakshi},
	journal = {World Academy of Science, Engineering and Technology},
	volume = {38},
	number = {3},
	pages = {269--272},
	year = {2008},
	publisher = {sn}
}

@article{begum2013review,
	title = {Review of load balancing in cloud computing},
	author = {Begum, Suriya and Prashanth, CSR},
	journal = {International Journal of Computer Science Issues (IJCSI)},
	volume = {10},
	number = {1},
	pages = {343},
	year = {2013},
	publisher = {Citeseer}
}

@misc{web:hardwareLoadBalancer,
	author = "AVI Networks",
	title = "Hardware Load Balancer",
	howpublished = "\url{https://avinetworks.com/glossary/hardware-load-balancer/}",
	note = "[Online; accessed 30-January-2019]"
}

@Article{LeFevre1999,
	author="LeFevre, Jo-Anne and Morris, Jason",
	title="More on the relation between division and multiplication in simple arithmetic: Evidence for mediation of division solutions via multiplication",
	journal="Memory {\&} Cognition",
	year="1999",
	month="Sep",
	day="01",
	volume="27",
	number="5",
	pages="803--812",
	issn="1532-5946",
	doi="10.3758/BF03198533",
	url="https://doi.org/10.3758/BF03198533"
}

@article{levenberg1944method,
	title={A method for the solution of certain non-linear problems in least squares},
	author={Levenberg, Kenneth},
	journal={Quarterly of applied mathematics},
	volume={2},
	number={2},
	pages={164--168},
	year={1944}
}

@article{marquardt1963algorithm,
	title={An algorithm for least-squares estimation of nonlinear parameters},
	author={Marquardt, Donald W},
	journal={Journal of the society for Industrial and Applied Mathematics},
	volume={11},
	number={2},
	pages={431--441},
	year={1963},
	publisher={SIAM}
}

@article{gratton2007approximate,
	title={Approximate Gauss--Newton methods for nonlinear least squares problems},
	author={Gratton, Serge and Lawless, Amos S and Nichols, Nancy K},
	journal={SIAM Journal on Optimization},
	volume={18},
	number={1},
	pages={106--132},
	year={2007},
	publisher={SIAM}
}

@misc{web:apacheCommonsMath,
	title = "Apache Commons Mathematics Library",
	howpublished = "\url{https://commons.apache.org/proper/commons-math}"
}

@misc{web:finmathLib,
	title = "Mathematical Finance Library",
	howpublished = "\url{https://github.com/finmath/finmath-lib}"
}

@misc{web:blindspot,
	title = "Blindspot Solutions s.r.o.",
	howpublished = "\url{http://www.blindspot.ai}"
}

@MastersThesis{Eichler:Petr:2003,
	author = {Eichler, Petr},
	title = {Stochastic Dynamic Vehicle Routing Problem},
	school = {Czech Technical University in Prague},
	address = {Czech Republic},
	year = {2018},
}

@misc{koinGithub,
	title = "Koin Github page",
	howpublished = "\url{https://github.com/InsertKoinIO/koin/tree/50929af636d1956a45882b795a29ace00eeac49d}",
	note = "[Online; accessed 7-May-2019]"
}

@misc{reflectionsGithub,
	title = "Reflection Library Github page",
	howpublished = "\url{https://github.com/ronmamo/reflections/tree/084cf4a759a06d88e88753ac00397478c2e0ed52}",
	note = "[Online; accessed 7-May-2019]"
}

@misc{kotlinReference,
	title = "Kotlin reference",
	howpublished = "\url{https://kotlinlang.org/docs/reference/}",
	note = "[Online; accessed 7-May-2019]"
}

@misc{dockerComposeReference,
	title = "Docker Compose reference",
	howpublished = "\url{https://docs.docker.com/compose/overview/}",
	note = "[Online; accessed 7-May-2019]"
}

@misc{dockerReference,
	title = "Docker reference",
	howpublished = "\url{https://docs.docker.com/}",
	note = "[Online; accessed 7-May-2019]"
}

@misc{springBootReference,
	title = "Spring Boot reference",
	howpublished = "\url{https://spring.io/projects/spring-boot/}",
	note = "[Online; accessed 7-May-2019]"
}

@misc{springBootTutorial,
	title = "Spring Boot tutorial",
	howpublished = "\url{https://howtodoinjava.com/spring-boot-tutorials/}",
	note = "[Online; accessed 7-May-2019]"
}

@misc{springBootGithubReference,
	title = "Spring Boot Github Reference",
	howpublished = "\url{https://github.com/spring-projects/spring-boot/tree/5aeb31700df8e15d1aa625b987ecca93385a7c2c}",
	note = "[Online; accessed 7-May-2019]"
}

@misc{ktorApiReference,
	title = "Spring Boot Github Reference",
	howpublished = "\url{https://api.ktor.io/1.1.5/}",
	note = "[Online; accessed 7-May-2019]"
}

@misc{ktorWebPage,
	title = "Ktor Web",
	howpublished = "\url{https://ktor.io/}",
	note = "[Online; accessed 7-May-2019]"
}