@misc{web:optaPlannerWeb,
    author = "{OptaPlanner team}",
    title = "What is OptaPlanner?",
    howpublished = "\url{https://www.optaplanner.org}",
    note = "[Online; accessed 3-January-2019]"
}

@misc{web_wiki:heuristicsAlgorithms,
    author = "{Wikipedia contributors}",
    title = "Heuristic (computer science) --- {Wikipedia}{,} The Free Encyclopedia",
    year = "2018",
    howpublished = "\url{https://en.wikipedia.org/w/index.php?title=Heuristic_(computer_science)&oldid=871267953}",
    note = "[Online; accessed 14-January-2019]"
}

@misc{web:icronHeuristicOrLinear,
    author = "Z. Caner Taşkın",
    title = "Optimization vs. heuristics: Which is the right approach for your business?",
    howpublished = "\url{https://icrontech.com/blog_item/optimization-vs-heuristics-which-is-the-right-approach-for-your-business/}",
    note = "[Online; accessed 14-January-2019]"
}

@masterthesis{thesis:DSVRP,
    author = "Petr Eichler",
    title = "Dynamic Stochastic Vehicle Routing Problem",
    school = "Czech Technical University in Prague",
    year = "2018",
}

@book{papanikolaou2018holistic,
    title = "{A Holistic Approach to Ship Design: Volume 1: Optimisation of Ship Design and Operation for Life Cycle}",
    author = "{Papanikolaou, A.}",
    isbn = "{9783030028107}",
    url = "\url{https://books.google.cz/books?id=xYJ-DwAAQBAJ}",
    year = "{2018}",
    publisher = "{Springer International Publishing}",
    note = "296-301"
}